<record><leader>00000cas a22000007a 4500</leader><controlfield tag="001">14866988</controlfield><controlfield tag="008">861124d1955197uinuwr ne      0    0eng d</controlfield><datafield ind1=" " ind2=" " tag="010"><subfield code="a">sn 86059179 </subfield></datafield><datafield ind1=" " ind2=" " tag="040"><subfield code="a">NPI</subfield><subfield code="b">eng</subfield><subfield code="c">NPI</subfield><subfield code="d">OCLCQ</subfield></datafield><datafield ind1=" " ind2=" " tag="042"><subfield code="a">msc</subfield></datafield><datafield ind1="0" ind2=" " tag="130"><subfield code="a">Villager (Lake Village, Ind.)</subfield></datafield><datafield ind1="1" ind2="4" tag="245"><subfield code="a">The villager.</subfield></datafield><datafield ind1=" " ind2=" " tag="260"><subfield code="a">Lake Village, Ind. :</subfield><subfield code="b">John D. and Claire L. Upfield,</subfield><subfield code="c">1955-</subfield></datafield><datafield ind1=" " ind2=" " tag="310"><subfield code="a">Weekly</subfield></datafield><datafield ind1="0" ind2=" " tag="362"><subfield code="a">Vol. 1, no. 1 (Apr. 21, 1955)-</subfield></datafield><datafield ind1=" " ind2=" " tag="500"><subfield code="a">"Serving North Newton and South Lake counties."</subfield></datafield><datafield ind1=" " ind2=" " tag="752"><subfield code="a">United States</subfield><subfield code="b">Indiana</subfield><subfield code="c">Newton</subfield><subfield code="d">Lake Village.</subfield></datafield><datafield ind1=" " ind2=" " tag="752"><subfield code="a">United States</subfield><subfield code="b">Indiana</subfield><subfield code="c">Lake.</subfield></datafield><datafield ind1="0" ind2="0" tag="785"><subfield code="t">Northern star (Lake Village, Ind.)</subfield><subfield code="w">(DLC)sn 86059180</subfield></datafield></record>